<record xmlns="http://www.loc.gov/MARC21/slim" xmlns:xsi="http://www.w3.org/2001/XMLSchema-instance" xsi:schemaLocation="http://www.loc.gov/MARC21/slim http://www.loc.gov/standards/marcxml/schema/MARC21slim.xsd"><leader>01907nam a2200409   4500</leader><controlfield tag="001">001682802</controlfield><controlfield tag="003">NNU</controlfield><controlfield tag="006">m        d        </controlfield><controlfield tag="007">cr cn |||m|||a</controlfield><controlfield tag="008">150116s1947    ua      ob    000 0 arard</controlfield><datafield ind1=" " ind2=" " tag="040"><subfield code="a">NNU</subfield><subfield code="b">eng</subfield><subfield code="c">NNU</subfield></datafield><datafield ind1=" " ind2="4" tag="050"><subfield code="a">PJ7526</subfield><subfield code="b">.T3 1947</subfield></datafield><datafield ind1="1" ind2=" " tag="100"><subfield code="6">880-01</subfield><subfield code="a">H&#803;usayn, T&#803;a&#772;ha&#772;,</subfield><subfield code="d">1889-1973.</subfield></datafield><datafield ind1="1" ind2="0" tag="245"><subfield code="6">880-02</subfield><subfield code="a">Fi&#772; al-adab al-Ja&#772;hili&#772;</subfield><subfield code="h">[electronic resource] /</subfield><subfield code="c">T&#803;a&#772;ha&#772; H&#803;usayn.</subfield></datafield><datafield ind1=" " ind2=" " tag="250"><subfield code="6">880-03</subfield><subfield code="a">al-T&#803;ab&#699;ah 4.</subfield></datafield><datafield ind1=" " ind2=" " tag="260"><subfield code="6">880-04</subfield><subfield code="a">Mis&#803;r :</subfield><subfield code="b">Da&#772;r al-Ma&#699;a&#772;rif,</subfield><subfield code="c">1947.</subfield></datafield><datafield ind1=" " ind2=" " tag="300"><subfield code="a">online resource (371 p.)</subfield></datafield><datafield ind1=" " ind2=" " tag="500"><subfield code="a">First published in 1926 as: Fi&#772; al-shi&#699;r al-Ja&#772;hili&#772;.</subfield></datafield><datafield ind1=" " ind2=" " tag="500"><subfield code="a">Part of the Arabic Collections Online (ACO) project, contributed by New York Univeristy Libraries.</subfield></datafield><datafield ind1=" " ind2=" " tag="533"><subfield code="a">Electronic reproduction.</subfield><subfield code="b">New York, N.Y. :</subfield><subfield code="c">New York University,</subfield><subfield code="d">2015.</subfield><subfield code="5">NNU</subfield></datafield><datafield ind1=" " ind2="0" tag="650"><subfield code="a">Arabic poetry</subfield><subfield code="y">To 622</subfield><subfield code="x">History and criticism.</subfield></datafield><datafield ind1=" " ind2="0" tag="650"><subfield code="a">Arabic literature</subfield><subfield code="y">To 622</subfield><subfield code="x">History and criticism.</subfield></datafield><datafield ind1=" " ind2="7" tag="650"><subfield code="a">Arabic literature.</subfield><subfield code="2">fast</subfield><subfield code="0">(OCoLC)fst00812478</subfield></datafield><datafield ind1=" " ind2="7" tag="650"><subfield code="a">Arabic poetry.</subfield><subfield code="2">fast</subfield><subfield code="0">(OCoLC)fst00812533</subfield></datafield><datafield ind1=" " ind2="7" tag="648"><subfield code="a">To 622</subfield><subfield code="2">fast</subfield></datafield><datafield ind1=" " ind2="7" tag="655"><subfield code="a">Criticism, interpretation, etc.</subfield><subfield code="2">fast</subfield><subfield code="0">(OCoLC)fst01411635</subfield></datafield><datafield ind1="2" ind2=" " tag="710"><subfield code="a">New York University.</subfield><subfield code="b">Libraries.</subfield></datafield><datafield ind1="0" ind2=" " tag="730"><subfield code="a">Arabic Collections Online.</subfield></datafield><datafield ind1="0" ind2="8" tag="776"><subfield code="i">Online version:</subfield><subfield code="a">H&#803;usayn, T&#803;a&#772;ha&#772;, 1889-1973.</subfield><subfield code="t">Fi&#772; al-adab al-Ja&#772;hili&#772;</subfield><subfield code="b">al-T&#803;ab&#699;ah 4.</subfield><subfield code="d">Mis&#803;r : Da&#772;r al-Ma&#699;a&#772;rif, 1947</subfield><subfield code="w">(OCoLC)654348331</subfield></datafield><datafield ind1="0" ind2="8" tag="776"><subfield code="i">Print version:</subfield><subfield code="a">H&#803;usayn, T&#803;a&#772;ha&#772;, 1889-1973.</subfield><subfield code="t">Fi&#772; al-adab al-Ja&#772;hili&#772;</subfield><subfield code="w">(NNU)001682802</subfield></datafield><datafield ind1="4" ind2="0" tag="856"><subfield code="u">http://hdl.handle.net/2333.1/3ffbg93q</subfield></datafield><datafield ind1="1" ind2=" " tag="880"><subfield code="6">100-01/</subfield><subfield code="a">&#1581;&#1587;&#1610;&#1606;&#1548; &#1591;&#1607;.</subfield></datafield><datafield ind1="1" ind2="0" tag="880"><subfield code="6">245-02/</subfield><subfield code="a">&#1601;&#1610; &#1575;&#1604;&#1571;&#1583;&#1576; &#1575;&#1604;&#1580;&#1575;&#1607;&#1604;&#1610; /</subfield><subfield code="c">&#1591;&#1607; &#1581;&#1587;&#1610;&#1606;.</subfield></datafield><datafield ind1=" " ind2=" " tag="880"><subfield code="6">250-03/</subfield><subfield code="a">&#1575;&#1604;&#1591;&#1576;&#1593;&#1577; &#1636;.</subfield></datafield><datafield ind1=" " ind2=" " tag="880"><subfield code="6">260-04/</subfield><subfield code="a">&#1605;&#1589;&#1585; :</subfield><subfield code="b">&#1583;&#1575;&#1585; &#1575;&#1604;&#1605;&#1593;&#1575;&#1585;&#1601; &#1548;</subfield><subfield code="c">&#1633;&#1641;&#1636;&#1639;.</subfield></datafield><datafield ind1=" " ind2=" " tag="959"><subfield code="a">NNU</subfield><subfield code="b">WEB</subfield><subfield code="c">GENI</subfield><subfield code="t">0</subfield><subfield code="m">Electronic access</subfield><subfield code="s">01</subfield></datafield><datafield ind1=" " ind2=" " tag="999"><subfield code="i">NNU_001682802</subfield><subfield code="o" /></datafield></record>